<record><leader>00000cas a22000007a 4500</leader><controlfield tag="001">13306349</controlfield><controlfield tag="008">860318d19331933wvuwr ne      0    0eng d</controlfield><datafield ind1=" " ind2=" " tag="010"><subfield code="a">sn 86092413 </subfield></datafield><datafield ind1=" " ind2=" " tag="040"><subfield code="a">WVC</subfield><subfield code="b">eng</subfield><subfield code="c">WVC</subfield><subfield code="d">OCL</subfield><subfield code="d">OCLCQ</subfield></datafield><datafield ind1=" " ind2=" " tag="042"><subfield code="a">msc</subfield></datafield><datafield ind1="0" ind2=" " tag="130"><subfield code="a">Wetzel independent (New Martinsville, W. Va. : 1933)</subfield></datafield><datafield ind1="1" ind2="0" tag="245"><subfield code="a">Wetzel independent.</subfield></datafield><datafield ind1=" " ind2=" " tag="260"><subfield code="a">New Martinsville, W. Va. :</subfield><subfield code="b">Magnolia Press</subfield></datafield><datafield ind1=" " ind2=" " tag="300"><subfield code="a">v.</subfield></datafield><datafield ind1=" " ind2=" " tag="310"><subfield code="a">Weekly</subfield></datafield><datafield ind1="1" ind2=" " tag="362"><subfield code="a">Began in 1933; ceased in 1933?</subfield></datafield><datafield ind1=" " ind2=" " tag="588"><subfield code="a">Description based on: Vol. 1, no. 4 (Oct. 19, 1933).</subfield></datafield><datafield ind1=" " ind2=" " tag="752"><subfield code="a">United States</subfield><subfield code="b">West Virginia</subfield><subfield code="c">Wetzel</subfield><subfield code="d">New Martinsville.</subfield></datafield></record>